@inproceedings{Fader2013Paraphrase,
	title={Paraphrase-Driven Learning for Open Question Answering.},
	author={Fader, Anthony and Zettlemoyer, Luke S and Etzioni, Oren},
	booktitle={ACL (1)},
	pages={1608--1618},
	year={2013},
	url={http://homes.cs.washington.edu/~afader/bib_pdf/acl13.pdf}
}

@inproceedings{SPBerant2014Paraphrase,
	title={Semantic parsing via paraphrasing},
	author={Berant, Jonathan and Liang, Percy},
	year={2014},
	url={http://nlp.stanford.edu/pubs/berant14paraphrasing.pdf}
}

@InProceedings{Yu2014Deep,
  author    = {Yu, Lei and Hermann, Karl Moritz  and  Blunsom, Phil  and  Pulman, Stephen},
  title     = {{Deep Learning for Answer Sentence Selection}},
  booktitle = {{NIPS Deep Learning Workshop}},
  year      = {2014},
  url       = {http://arxiv.org/abs/1412.1632},
  month     = dec,
}

@inproceedings{OQA,
  title={Open question answering over curated and extracted knowledge bases},
  author={Fader, Anthony and Zettlemoyer, Luke and Etzioni, Oren},
  booktitle={Proceedings of the 20th ACM SIGKDD international conference on Knowledge discovery and data mining},
  pages={1156--1165},
  year={2014},
  organization={ACM},
  url={http://homes.cs.washington.edu/~lsz/papers/fze-kdd14.pdf}
}

@article{MulderKwok,
  title={Scaling question answering to the web},
  author={Kwok, Cody and Etzioni, Oren and Weld, Daniel S},
  journal={ACM Transactions on Information Systems (TOIS)},
  volume={19},
  number={3},
  pages={242--262},
  year={2001},
  publisher={ACM},
  url={http://bernstein.iicm.tugraz.at:8080/Ressourcen/Theses/cguetl_diss/diss_html/literatur/Kapitel07/References/Kwok_et_al._2001/p242-kwok.pdf}
}

@inproceedings{LCC,
	title={Answer Mining by Combining Extraction Techniques with Abductive Reasoning},
	author={Harabagiu, Sanda M and Moldovan, Dan I and Clark, Christine and Bowden, Mitchell and Williams, John and Bensley, Jeremy},
	booktitle={TREC},
	pages={375--382},
	year={2003},
	url={http://trec.nist.gov/pubs/trec12/papers/lcc.qa.pdf}
}

@inproceedings{AskMSR,
  title={An analysis of the {AskMSR} question-answering system},
  author={Brill, Eric and Dumais, Susan and Banko, Michele},
  booktitle={Proceedings of the ACL-02 conference on Empirical methods in natural language processing-Volume 10},
  pages={257--264},
  year={2002},
  organization={Association for Computational Linguistics}
}

@article{harabagiu2003open,
  title={Open-domain textual question answering techniques},
  author={Harabagiu, Sanda M and Maiorano, Steven J and Pasca, Marius A},
  journal={Natural Language Engineering},
  volume={9},
  pages={231--267},
  year={2003},
  publisher={Cambridge Univ Press}
}

@inproceedings{BioQAWeissenborn,
  title={Answering Factoid Questions in the Biomedical Domain.},
  author={Weissenborn, Dirk and Tsatsaronis, George and Schroeder, Michael},
  booktitle={BioASQ@ CLEF},
  year={2013},
  url={http://www.cs.colorado.edu/~jbg/docs/2014_emnlp_qb_rnn.pdf}
}

@article{YodaQABioASQ2015,
  title={Modeling of the Question Answering Task in the YodaQA System},
  author={Baudi{\v{s}}, Petr and {\v{S}}ediv{\`y}, Jan},
  booktitle={BioASQ@ CLEF},
  year={2015},
  url={http://ceur-ws.org/Vol-1391/131-CR.pdf}
}

@inproceedings{SurveyWang,
  title={A survey of answer extraction techniques in factoid question answering},
  author={Wang, Mengqiu},
  booktitle={Proceedings of the Human Language Technology Conference and North American Chapter of the Association for Computational Linguistics (HLT-NAACL)},
  year={2006},
  url={http://www.cs.cmu.edu/~mengqiu/publication/LSII-LitReview.pdf}
}

@inproceedings{QANTA,
	Title = {A Neural Network for Factoid Question Answering over Paragraphs},
	Booktitle = {Empirical Methods in Natural Language Processing},
	Author = {Mohit Iyyer and Jordan Boyd-Graber and Leonardo Claudino and Richard Socher and Hal {Daum\'{e} III}},
	Year = {2014},
	Location = {Doha, Qatar},
	url={http://cs.umd.edu/~miyyer/pubs/2014_qb_rnn.pdf}
}

@article{SurveyAllam,
  title={The Question Answering Systems: A Survey},
  author={Allam, Ali Mohamed Nabil and Haggag, Mohamed Hassan},
  journal={International Journal of Research and Reviews in Information Sciences (IJRRIS)},
  volume={2},
  number={3},
  year={2012},
  url={http://aliallam.com/QA%20Survey%20Paper%20(IJRRIS).pdf}
}

@article{SurveyLopez,
  title={Is question answering fit for the semantic web?: a survey},
  author={Lopez, Vanessa and Uren, Victoria and Sabou, Marta and Motta, Enrico},
  journal={Semantic Web},
  volume={2},
  number={2},
  pages={125--155},
  year={2011},
  publisher={IOS Press},
  url={http://oro.open.ac.uk/29573/1/swj124_3.pdf}
}

@inproceedings{Semantic2013Berant,
  title={Semantic Parsing on Freebase from Question-Answer Pairs.},
  author={Berant, Jonathan and Chou, Andrew and Frostig, Roy and Liang, Percy},
  booktitle={EMNLP},
  pages={1533--1544},
  year={2013},
  url={http://www.aclweb.org/anthology/D13-1160}
}

@article{Semantic2014Bordes,
  title={Question answering with subgraph embeddings},
  author={Bordes, Antoine and Chopra, Sumit and Weston, Jason},
  journal={arXiv preprint arXiv:1406.3676},
  year={2014},
  url={http://arxiv.org/pdf/1406.3676}
}

@misc{QALD4,
  abstract     = {This dataset comprises 250 natural language questions over DBpedia 3.9, annotated with SPARQL queries and answers. It was part of the QALD-4 open challenge: questions 1-200 constitute the training question set and questions 201-250 constitute the test question set.},
  author       = {Unger, Christina},
  language     = {English},
  publisher    = {Bielefeld University},
  title        = {Multilingual Question Answering over Linked Data: QALD-4 Dataset},
  doi          = {10.4119/unibi/2687439},
  year         = {2014},
}

@inproceedings{AnswerBus,
  title={AnswerBus question answering system},
  author={Zheng, Zhiping},
  booktitle={Proceedings of the second international conference on Human Language Technology Research},
  pages={399--404},
  year={2002},
  organization={Morgan Kaufmann Publishers Inc.},
  url={http://sewm.pku.edu.cn/QA/reference/AnswerBus%20Question%20Answering%20System%20(2002).pdf}
}

@article{WatsonOverview,
  title={Building Watson: An overview of the DeepQA project},
  author={Ferrucci, David and Brown, Eric and Chu-Carroll, Jennifer and Fan, James and Gondek, David and Kalyanpur, Aditya A and Lally, Adam and Murdock, J William and Nyberg, Eric and Prager, John and others},
  journal={AI magazine},
  volume={31},
  number={3},
  pages={59--79},
  year={2010},
  url={http://www.aaai.org/ojs/index.php/aimagazine/article/download/2303/2165}
}

@article{WatsonQuestion,
  title={Question analysis: How Watson reads a clue},
  author={Lally, Adam and Prager, John M and McCord, Michael C and Boguraev, BK and Patwardhan, Siddharth and Fan, James and Fodor, Paul and Chu-Carroll, Jennifer},
  journal={IBM Journal of Research and Development},
  volume={56},
  number={3.4},
  pages={2--1},
  year={2012},
  publisher={IBM}
}

@article{WatsonIR,
  title={Finding needles in the haystack: Search and candidate generation},
  author={Chu-Carroll, Jennifer and Fan, James and Boguraev, BK and Carmel, David and Sheinwald, Dafna and Welty, Chris},
  journal={IBM Journal of Research and Development},
  volume={56},
  number={3.4},
  pages={6--1},
  year={2012},
  publisher={IBM}
}

@article{WatsonScoring,
  title={A framework for merging and ranking of answers in DeepQA},
  author={Gondek, DC and Lally, Adam and Kalyanpur, Aditya and Murdock, J William and Dubou{\'e}, Pablo Ariel and Zhang, Lei and others},
  journal={IBM Journal of Research and Development},
  volume={56},
  number={3.4},
  pages={14--1},
  year={2012},
  publisher={IBM}
}

@article{WatsonPipeline,
  title={Making watson fast},
  author={Epstein, Edward A and Schor, Marshall I and Iyer, BS and Lally, Adam and others},
  journal={IBM Journal of Research and Development},
  volume={56},
  number={3.4},
  pages={15--1},
  year={2012},
  publisher={IBM}
}

@article{WatsonTyCor,
  title={Typing candidate answers using type coercion},
  author={Murdock, J William and Kalyanpur, Aditya and Welty, Chris and Fan, James and Ferrucci, David A and Gondek, DC and Zhang, Lei and Kanayama, Hiroshi},
  journal={IBM Journal of Research and Development},
  volume={56},
  number={3.4},
  pages={7--1},
  year={2012},
  publisher={IBM}
}

@inproceedings{PIQUANT2003,
  title={In question answering, two heads are better than one},
  author={Chu-Carroll, Jennifer and Czuba, Krzysztof and Prager, John and Ittycheriah, Abraham},
  booktitle={Proceedings of the 2003 Conference of the North American Chapter of the ACL on Human Language Technology},
  volume={1},
  pages={24--31},
  year={2003},
  organization={Association for Computational Linguistics},
  url={http://ucrel.lancs.ac.uk/acl/N/N03/N03-1004.pdf}
}

@techreport{OAQATowards,
  title={Towards the open advancement of question answer systems},
  author={Ferrucci, D and Nyberg, E and Allan, J and Barker, K and Brown, E and Chu-Carroll, J and Ciccolo, A and others},
  year={2009},
  institution={IBM Technical Report RC24789, Yorktown Heights, NY}
}

@inproceedings{Ephyra2006,
  title={A pattern learning approach to question answering within the ephyra framework},
  author={Schlaefer, Nico and Gieselmann, Petra and Schaaf, Thomas and Waibel, Alex},
  booktitle={Text, speech and dialogue},
  pages={687--694},
  year={2006},
  organization={Springer},
  url={http://petra.w-wie-wolf.de/tsd061a.pdf}
}

@article{WatsonSim,
  title={Watsonsim: Overview of a Question Answering Engine},
  author={Gallagher, Sean and Zadrozny, Wlodek and Shalaby, Walid and Avadhani, Adarsh},
  journal={arXiv preprint arXiv:1412.0879},
  year={2014}
}

@inproceedings{TreeEdit2010Heilman,
  title={Tree edit models for recognizing textual entailments, paraphrases, and answers to questions},
  author={Heilman, Michael and Smith, Noah A},
  booktitle={Human Language Technologies: The 2010 Annual Conference of the North American Chapter of the ACL},
  pages={1011--1019},
  year={2010},
  organization={Association for Computational Linguistics},
  url={http://aclweb.org/anthology/N/N10/N10-1145.pdf}
}

@inproceedings{TreeEdit2013Yao,
  title={Answer Extraction as Sequence Tagging with Tree Edit Distance.},
  author={Yao, Xuchen and Van Durme, Benjamin and others},
  booktitle={HLT-NAACL},
  pages={858--867},
  year={2013},
  url={http://cs.jhu.edu/~xuchen/paper/yao-jacana-qa-naacl2013.pdf}
}

@inproceedings{TreeEditIR2013Yao,
  title={Automatic Coupling of Answer Extraction and Information Retrieval.},
  author={Yao, Xuchen and Van Durme, Benjamin and Clark, Peter},
  booktitle={ACL (2)},
  pages={159--165},
  year={2013},
  url={http://cs.jhu.edu/~xuchen/paper/yao-jacana-ir-acl2013.pdf}
}

@inproceedings{TreeFreebase2014Yao,
	title={Information Extraction over Structured Data: Question Answering with Freebase},
	author={Yao, Xuchen and Van Durme, Benjamin},
	year={2014},
	url={http://www.aclweb.org/website/old_anthology/P/P14/P14-1090.pdf}
}

@InProceedings{LeanFreebaseYao,
  author    = {Yao, Xuchen},
  title     = {Lean Question Answering over Freebase from Scratch},
  booktitle = {Proceedings of the 2015 Conference of the North American Chapter of the Association for Computational Linguistics: Demonstrations},
  month     = {June},
  year      = {2015},
  address   = {Denver, Colorado},
  publisher = {Association for Computational Linguistics},
  pages     = {66--70},
  url       = {http://www.aclweb.org/anthology/N15-3014}
}

@article{FreebaseQA2014Yao,
  title={Freebase QA: Information Extraction or Semantic Parsing?},
  author={Yao, Xuchen and Berant, Jonathan and Van Durme, Benjamin},
  journal={ACL 2014},
  pages={82},
  year={2014},
  url={http://anthology.aclweb.org/W/W14/W14-24.pdf#page=94}
}

@inproceedings{AnsSel2013Severyn,
  title={Automatic Feature Engineering for Answer Selection and Extraction.},
  author={Severyn, Aliaksei and Moschitti, Alessandro},
  booktitle={EMNLP},
  pages={458--467},
  year={2013},
  url={http://disi.unitn.it/~severyn/papers/emnlp2013.pdf}
}

@inproceedings{WangQAGrammar,
  title={What is the Jeopardy Model? A Quasi-Synchronous Grammar for QA.},
  author={Wang, Mengqiu and Smith, Noah A and Mitamura, Teruko},
  booktitle={EMNLP-CoNLL},
  volume={7},
  pages={22--32},
  year={2007}
}

@misc{OpenQA,
  title = {{openQA}: Open Source Question Answering Framework},
  author = {Marx, Edgard},
  year={2014},
  url={http://aksw.org/Projects/openQA.html}
}

@article{dbpedia,
  title={DBpedia--A large-scale, multilingual knowledge base extracted from Wikipedia},
  author={Lehmann, Jens and Isele, Robert and Jakob, Max and Jentzsch, Anja and Kontokostas, Dimitris and Mendes, Pablo N and Hellmann, Sebastian and Morsey, Mohamed and van Kleef, Patrick and others},
  journal={Semantic Web},
  year={2014},
  publisher={IOS Press}
}

@inproceedings{Freebase,
  title={Freebase: a collaboratively created graph database for structuring human knowledge},
  author={Bollacker, Kurt and Evans, Colin and Paritosh, Praveen and Sturge, Tim and Taylor, Jamie},
  booktitle={Proceedings of the 2008 ACM SIGMOD international conference on Management of data},
  pages={1247--1250},
  year={2008},
  organization={ACM}
}

@inproceedings{StanfordNNParser,
  title={A fast and accurate dependency parser using neural networks},
  author={Chen, Danqi and Manning, Christopher D},
  booktitle={Proceedings of the 2014 Conference on Empirical Methods in Natural Language Processing (EMNLP)},
  pages={740--750},
  year={2014}
}

@inproceedings{StanfordCoreNLP,
  title={The Stanford CoreNLP natural language processing toolkit},
  author={Manning, Christopher D and Surdeanu, Mihai and Bauer, John and Finkel, Jenny and Bethard, Steven J and McClosky, David},
  booktitle={Proceedings of 52nd Annual Meeting of the Association for Computational Linguistics: System Demonstrations},
  pages={55--60},
  year={2014}
}

@misc{OpenNLP,
  title = {The {O}pen{NLP} project},
  author = {Baldridge, Jason},
  howpublished = {\url{http://opennlp.apache.org/}}
}

@inproceedings{DKPro,
	author = {Richard Eckart de Castilho and Iryna Gurevych},
	title = {A broad-coverage collection of portable NLP components for building
shareable analysis pipelines},
	month = aug,
	year = {2014},
	publisher = {ACL and Dublin City University },
	address = {Dublin, Ireland},
	booktitle = {Proceedings of the Workshop on OIAF4HLT at COLING 2014},
	editor = {Nancy Ide and Jens Grivolla},
	pages = {1--11},
	location = {Dublin, Ireland},
	language = {English},
	pubkey = {TUD-CS-2014-0864},
	research_area = {Ubiquitous Knowledge Processing},
	research_sub_area = {UKP_p_DKPro, UKP_s_DKPro_Core, UKP_a_LangTech4eHum, UKP_reviewed},
	Website = {http://aclanthology.info/papers/a-broad-coverage-collection-of-portable-nlp-components-for-building-shareable-analysis-pipelines},
	pdf = {aclweb.org/anthology/W14-5201 _blank},
}

@article{UIMA,
 author = {Ferrucci, David and Lally, Adam},
 title = {{UIMA}: An Architectural Approach to Unstructured Information Processing in the Corporate Research Environment},
 journal = {Nat. Lang. Eng.},
 issue_date = {September 2004},
 volume = {10},
 number = {3-4},
 month = sep,
 year = {2004},
 issn = {1351-3249},
 pages = {327--348},
 numpages = {22},
 url = {http://dx.doi.org/10.1017/S1351324904003523},
 doi = {10.1017/S1351324904003523},
 acmid = {1030325},
 publisher = {Cambridge University Press},
 address = {New York, NY, USA},
} 

@article{WordNet,
  title={{WordNet}: a lexical database for English},
  author={Miller, George A},
  journal={Communications of the ACM},
  volume={38},
  number={11},
  pages={39--41},
  year={1995},
  publisher={ACM}
}

@article{googleKG,
  title={Introducing the knowledge graph: things, not strings},
  author={Singhal, Amit},
  journal={Official Google Blog, May},
  year={2012}
}

@inproceedings{YodaQAPoster2015,
	title={{YodaQA: A Modular Question Answering System Pipeline}},
	author={Baudiš, Petr},
	booktitle={POS\-TER 2015 - 19th International Student Conference on Electrical Engineering},
	year={2015},
	location={{Prague, CTU}},
	url={http://ailao.eu/yodaqa/yodaqa-poster2015.pdf}
}

@inproceedings{YodaQACLEF2015,
	title={{YodaQA: A Modular Question Answering System Pipeline}},
	booktitle={{Sixth International Conference of the CLEF Association, CLEF'15, Toulouse, September 8-11, 2015}},
	author={Baudiš, Petr},
	series={{LNCS}},
	year={2015},
	volume={9283},
	publisher={Springer},
	location={Heidelberg}
}

@article{MicrosoftWQ2014,
	title={An Overview of Microsoft Deep QA System on Stanford WebQuestions Benchmark},
	author={Wang, Zhenghao and Yan, Shengquan and Wang, Huaming and Huang, Xuedong},
	year={2014},
	url={http://research.microsoft.com/pubs/228312/Microsoft%20Deep%20QA.pdf}
}

@inproceedings{QuASE,
  title={Open Domain Question Answering via Semantic Enrichment},
  author={Sun, Huan and Ma, Hao and Yih, Wen-tau and Tsai, Chen-Tse and Liu, Jingjing and Chang, Ming-Wei},
  booktitle={Proceedings of the 24th International Conference on World Wide Web},
  pages={1045--1055},
  year={2015},
  organization={International World Wide Web Conferences Steering Committee},
  url={http://www.cs.ucsb.edu/~huansun/docs/QA_paper.pdf}
}

@inproceedings{QCLearning,
  title={Learning question classifiers},
  author={Li, Xin and Roth, Dan},
  booktitle={Proceedings of the 19th international conference on Computational linguistics-Volume 1},
  pages={1--7},
  year={2002},
  organization={Association for Computational Linguistics},
  url={http://ucrel.lancs.ac.uk/acl/C/C02/C02-1150.pdf}
}

@article{CNNSentClass,
	title={Convolutional neural networks for sentence classification},
	author={Kim, Yoon},
	journal={arXiv preprint arXiv:1408.5882},
	year={2014},
	url={http://arxiv.org/pdf/1408.5882v2.pdf}
}

@article{SkipThought,
  title={Skip-Thought Vectors},
  author={Kiros, Ryan and Zhu, Yukun and Salakhutdinov, Ruslan and Zemel, Richard S and Torralba, Antonio and Urtasun, Raquel and Fidler, Sanja},
  journal={arXiv preprint arXiv:1506.06726},
  year={2015},
  url={http://arxiv.org/pdf/1506.06726v1.pdf}
}

@article{AdaSent,
  title={Self-Adaptive Hierarchical Sentence Model},
  author={Zhao, Han and Lu, Zhengdong and Poupart, Pascal},
  journal={arXiv preprint arXiv:1504.05070},
  year={2015},
  url={http://arxiv.org/pdf/1504.05070v2.pdf}
}

@article{DefGen,
  author    = {Felix Hill and
               Kyunghyun Cho and
               Anna Korhonen and
               Yoshua Bengio},
  title     = {Learning to Understand Phrases by Embedding the Dictionary},
  journal   = {CoRR},
  volume    = {abs/1504.00548},
  year      = {2015},
  url       = {http://arxiv.org/abs/1504.00548},
  timestamp = {Sat, 02 May 2015 17:50:32 +0200},
  biburl    = {http://dblp.uni-trier.de/rec/bib/journals/corr/HillCKB15},
  bibsource = {dblp computer science bibliography, http://dblp.org}
}

@article{Cloze,
  title={"{C}loze procedure": a new tool for measuring readability.},
  author={Taylor, Wilson L},
  journal={Journalism quarterly},
  year={1953},
  publisher={Association for Education in Journalism \& Mass Communication}
}

@article{ReadAndComprehend,
  author    = {Karl Moritz Hermann and
               Tom{\'{a}}s Kocisk{\'{y}} and
               Edward Grefenstette and
               Lasse Espeholt and
               Will Kay and
               Mustafa Suleyman and
               Phil Blunsom},
  title     = {Teaching Machines to Read and Comprehend},
  journal   = {CoRR},
  volume    = {abs/1506.03340},
  year      = {2015},
  url       = {http://arxiv.org/abs/1506.03340},
  timestamp = {Wed, 01 Jul 2015 15:10:24 +0200},
  biburl    = {http://dblp.uni-trier.de/rec/bib/journals/corr/HermannKGEKSB15},
  bibsource = {dblp computer science bibliography, http://dblp.org}
}

@article{QtcDCNN,
  title={A convolutional neural network for modelling sentences},
  author={Kalchbrenner, Nal and Grefenstette, Edward and Blunsom, Phil},
  journal={arXiv preprint arXiv:1404.2188},
  year={2014},
  url={http://arxiv.org/abs/1404.2188}
}

@article{SPKwiatkowski2013,
  title={Scaling semantic parsers with on-the-fly ontology matching},
  author={Kwiatkowski, Tom and Choi, Eunsol and Artzi, Yoav and Zettlemoyer, Luke},
  year={2013},
  url={http://www.aclweb.org/anthology/D13-1161.pdf}
}

@article{SPReddy2014,
  title={Large-scale semantic parsing without question-answer pairs},
  author={Reddy, Siva and Lapata, Mirella and Steedman, Mark},
  journal={Transactions of the Association for Computational Linguistics},
  volume={2},
  pages={377--392},
  year={2014},
  url={http://www.aclweb.org/anthology/Q14-1030}
}

@inproceedings{SPCai2013,
  title={Large-scale Semantic Parsing via Schema Matching and Lexicon Extension.},
  author={Cai, Qingqing and Yates, Alexander},
  booktitle={ACL (1)},
  pages={423--433},
  year={2013},
}

@article{SPIntro,
  title={Learning Semantic Parsers for Natural Language Understanding},
  author={Liang, Percy},
  year={2015},
  url={http://www-cs.stanford.edu/~pliang/papers/semantic-parsing-intro.pdf}
}

@article{Aqqu,
  title={More Accurate Question Answering on Freebase},
  author={Bast, Hannah and Haussmann, Elmar},
  year={2015},
  url={http://ad-publications.informatik.uni-freiburg.de/freebase-qa.pdf}
}

@article{MTBao2014,
	title={Knowledge-based question answering as machine translation},
	author={Bao, Junwei and Duan, Nan and Zhou, Ming and Zhao, Tiejun},
	year={2014},
	url={http://research.microsoft.com/en-US/people/nanduan/acl2014.pdf}
}

@article{STAGG,
  title={Semantic Parsing via Staged Query Graph Generation: Question Answering with Knowledge Base},
  author={Chang, Wen-tau Yih Ming-Wei and Gao, Xiaodong He Jianfeng},
  year={2015},
  url={http://research.microsoft.com/pubs/244749/ACL15-STAGG.pdf}
}

@article{ELS-MART,
  title={S-MART: Novel Tree-based Structured Learning Algorithms Applied to Tweet Entity Linking},
  author={Yang, Yi and Chang, Ming-Wei},
  year={2015},
  url={http://www.anthology.aclweb.org/P/P15/P15-1049.pdf}
}

@article{QCSilvaSVM,
  title={From symbolic to sub-symbolic information in question classification},
  author={Silva, Joao and Coheur, Lu{\'\i}sa and Mendes, Ana Cristina and Wichert, Andreas},
  journal={Artificial Intelligence Review},
  volume={35},
  number={2},
  pages={137--154},
  year={2011},
  publisher={Springer}
}

@article{SimpleQuestions,
  author    = {Antoine Bordes and
               Nicolas Usunier and
               Sumit Chopra and
               Jason Weston},
  title     = {Large-scale Simple Question Answering with Memory Networks},
  journal   = {CoRR},
  volume    = {abs/1506.02075},
  year      = {2015},
  url       = {http://arxiv.org/abs/1506.02075},
  timestamp = {Wed, 01 Jul 2015 15:10:24 +0200},
  biburl    = {http://dblp.uni-trier.de/rec/bib/journals/corr/BordesUCW15},
  bibsource = {dblp computer science bibliography, http://dblp.org}
}

@article{ToyTasks,
  author    = {Jason Weston and
               Antoine Bordes and
               Sumit Chopra and
               Tomas Mikolov},
  title     = {Towards AI-Complete Question Answering: {A} Set of Prerequisite Toy
               Tasks},
  journal   = {CoRR},
  volume    = {abs/1502.05698},
  year      = {2015},
  url       = {http://arxiv.org/abs/1502.05698},
  timestamp = {Mon, 02 Mar 2015 14:17:34 +0100},
  biburl    = {http://dblp.uni-trier.de/rec/bib/journals/corr/WestonBCM15},
  bibsource = {dblp computer science bibliography, http://dblp.org}
}

@article{MemNN,
  author    = {Jason Weston and
               Sumit Chopra and
               Antoine Bordes},
  title     = {Memory Networks},
  journal   = {CoRR},
  volume    = {abs/1410.3916},
  year      = {2014},
  url       = {http://arxiv.org/abs/1410.3916},
  timestamp = {Sun, 02 Nov 2014 11:25:59 +0100},
  biburl    = {http://dblp.uni-trier.de/rec/bib/journals/corr/WestonCB14},
  bibsource = {dblp computer science bibliography, http://dblp.org}
}

@inproceedings{word2vec,
  title={Distributed representations of words and phrases and their compositionality},
  author={Mikolov, Tomas and Sutskever, Ilya and Chen, Kai and Corrado, Greg S and Dean, Jeff},
  booktitle={Advances in neural information processing systems},
  pages={3111--3119},
  year={2013},
  url={http://papers.nips.cc/paper/5021-di}
}

@article{LISA,
	title={Neural machine translation by jointly learning to align and translate},
	author={Bahdanau, Dzmitry and Cho, Kyunghyun and Bengio, Yoshua},
	journal={arXiv preprint arXiv:1409.0473},
	year={2014},
	url={http://arxiv.org/abs/1409.0473}
}

@article{ShowAndTell,
	title={Show and tell: A neural image caption generator},
	author={Vinyals, Oriol and Toshev, Alexander and Bengio, Samy and Erhan, Dumitru},
	journal={arXiv preprint arXiv:1411.4555},
	year={2014},
	url={http://arxiv.org/abs/1411.4555}
}

@article{WatsonEvidence,
  title={Textual evidence gathering and analysis},
  author={Murdock, J William and Fan, James and Lally, Adam and Shima, Hideki and Boguraev, BK},
  journal={IBM Journal of Research and Development},
  volume={56},
  number={3.4},
  pages={8--1},
  year={2012},
  publisher={IBM},
  url={http://brenocon.com/watson_special_issue/08%20textual%20evidence%20gatherint.pdf}
}

@inproceedings{SentimentRNTN,
  title={Recursive deep models for semantic compositionality over a sentiment treebank},
  author={Socher, Richard and Perelygin, Alex and Wu, Jean Y and Chuang, Jason and Manning, Christopher D and Ng, Andrew Y and Potts, Christopher},
  booktitle={Proceedings of the conference on empirical methods in natural language processing (EMNLP)},
  volume={1631},
  pages={1642},
  year={2013},
  url={http://citeseerx.ist.psu.edu/viewdoc/download?doi=10.1.1.383.1327&rep=rep1&type=pdf}
}

@inproceedings{WordVecLingReg,
  title={Linguistic Regularities in Continuous Space Word Representations.},
  author={Mikolov, Tomas and Yih, Wen-tau and Zweig, Geoffrey},
  year={2013},
  url={http://www.aclweb.org/anthology/N13-1#page=784}
}

@article{Glove,
  title={Glove: Global vectors for word representation},
  author={Pennington, Jeffrey and Socher, Richard and Manning, Christopher D},
  journal={Proceedings of the Empiricial Methods in Natural Language Processing (EMNLP 2014)},
  volume={12},
  pages={1532--1543},
  year={2014},
  url={http://llcao.net/cu-deeplearning15/presentation/nn-pres.pdf}
}

@inproceedings{DistReprComp,
	title={Distributed representations of words and phrases and their compositionality},
	author={Mikolov, Tomas and Sutskever, Ilya and Chen, Kai and Corrado, Greg S and Dean, Jeff},
	booktitle={Advances in neural information processing systems},
	pages={3111--3119},
	year={2013}
}

@article{WatsonRelEx,
  title={Relation extraction and scoring in DeepQA},
  author={Wang, Chang and Kalyanpur, Aditya and Fan, James and Boguraev, Branimir K and Gondek, DC},
  journal={IBM Journal of Research and Development},
  volume={56},
  number={3.4},
  pages={9--1},
  year={2012},
  publisher={IBM}
}

@article{WatsonIntro,
  title={Introduction to “this is watson”},
  author={Ferrucci, David A},
  journal={IBM Journal of Research and Development},
  volume={56},
  number={3.4},
  pages={1--1},
  year={2012},
  publisher={IBM}
}

@article{BergamaschiKeymantic,
  title={Keymantic: semantic keyword-based searching in data integration systems},
  author={Bergamaschi, Sonia and Domnori, Elton and Guerra, Francesco and Orsini, Mirko and Lado, Raquel Trillo and Velegrakis, Yannis},
  journal={Proceedings of the VLDB Endowment},
  volume={3},
  number={1-2},
  pages={1637--1640},
  year={2010},
  publisher={VLDB Endowment},
  url={http://disi.unitn.it/~velgias/docs/BergamaschiDGOLV10.pdf}
}

@article{BlunschiSODA,
  title={Soda: Generating sql for business users},
  author={Blunschi, Lukas and Jossen, Claudio and Kossmann, Donald and Mori, Magdalini and Stockinger, Kurt},
  journal={Proceedings of the VLDB Endowment},
  volume={5},
  number={10},
  pages={932--943},
  year={2012},
  publisher={VLDB Endowment},
  url={http://arxiv.org/pdf/1207.0134.pdf}
}

@inproceedings{TREC8,
  title={The TREC-8 Question Answering Track Report.},
  author={Voorhees, Ellen M and others},
  booktitle={TREC},
  volume={99},
  pages={77--82},
  year={1999},
  url={http://trec.nist.gov/pubs/trec8/papers/qa_report.pdf}
}

@inproceedings{TREC9,
  title={Overview of the TREC-9 Question Answering Track.},
  author={Voorhees, Ellen M and Tice, DM},
  booktitle={TREC},
  year={2000},
  url={http://trec.nist.gov/pubs/trec9/papers/qa_overview.pdf}
}

@article{TREC10,
  title={Overview of the TREC 2001 Question Answering Track.},
  author={Voorhees, Ellen M and Tice, DM},
  booktitle={TREC},
  year={2001},
  url={http://trec.nist.gov/pubs/trec10/papers/qa10.pdf}
}

@inproceedings{TREC11,
  title={Overview of the TREC 2002 Question Answering Track},
  author={Voorhees, Ellen M},
  booktitle={In Proceedings of the Eleventh Text REtrieval Conference (TREC)},
  year={2002},
  url={http://trec.nist.gov/pubs/trec11/papers/QA11.pdf}
}

@article{TREC12,
  title={Overview of the TREC 2003 Question Answering Track.},
  author={Voorhees, Ellen M},
  booktitle={TREC},
  year={2003},
  url={http://trec.nist.gov/pubs/trec12/papers/QA.OVERVIEW.pdf}
}
